<?xml version="1.0" encoding="UTF-8"?><collection xmlns="http://www.loc.gov/MARC21/slim"><record><leader>00460nam--2200133-i-4500</leader><controlfield tag="001">000010614</controlfield><controlfield tag="002">20161230</controlfield><controlfield tag="005">20161230201028</controlfield><controlfield tag="008">060222s1000------------r-----000-0-eng-d</controlfield><datafield ind1=" " ind2=" " tag="080"><subfield code="a">015:541.132.2:541.181.45</subfield></datafield><datafield ind1=" " ind2=" " tag="100"><subfield code="a">Alran, Claude</subfield></datafield><datafield ind1=" " ind2=" " tag="245"><subfield code="a">Contribution a l etude des systemes diphasi- ques : formation et coalescence de bulles dans un liquide de viscosite elevee. these</subfield></datafield><datafield ind1=" " ind2=" " tag="260"><subfield code="a">Toulouse, Universite Paul Sabatier 1971 76 P. + Figures</subfield></datafield><datafield ind1=" " ind2=" " tag="852"><subfield code="a">38250</subfield></datafield></record></collection>